<record><leader>00000cas a2200000 a 4500</leader><controlfield tag="001">10009294</controlfield><controlfield tag="008">831013d19361968ohuwr ne      0   a0eng d</controlfield><datafield ind1=" " ind2=" " tag="010"><subfield code="a">sn 87076746 </subfield></datafield><datafield ind1=" " ind2=" " tag="040"><subfield code="a">BGU</subfield><subfield code="b">eng</subfield><subfield code="c">BGU</subfield><subfield code="d">ONP</subfield><subfield code="d">OCL</subfield><subfield code="d">OCLCQ</subfield></datafield><datafield ind1=" " ind2=" " tag="042"><subfield code="a">msc</subfield></datafield><datafield ind1=" " ind2=" " tag="043"><subfield code="a">n-us-oh</subfield></datafield><datafield ind1="0" ind2="0" tag="245"><subfield code="a">Port Clinton herald and Republican.</subfield></datafield><datafield ind1=" " ind2=" " tag="260"><subfield code="a">Port Clinton, Ohio :</subfield><subfield code="b">Krupp Print. Co.,</subfield><subfield code="c">1936-1968.</subfield></datafield><datafield ind1=" " ind2=" " tag="300"><subfield code="a">v. :</subfield><subfield code="b">ill. ;</subfield><subfield code="c">56 cm.</subfield></datafield><datafield ind1=" " ind2=" " tag="310"><subfield code="a">Weekly</subfield></datafield><datafield ind1="0" ind2=" " tag="362"><subfield code="a">Vol. 50, no. 18 (Dec. 11, 1936)-v. 82, no. 7 (Aug. 2, 1968).</subfield></datafield><datafield ind1=" " ind2=" " tag="752"><subfield code="a">United States</subfield><subfield code="b">Ohio</subfield><subfield code="c">Ottawa</subfield><subfield code="d">Port Clinton.</subfield></datafield><datafield ind1="0" ind2="0" tag="780"><subfield code="t">Republican-herald (Port Clinton, Ohio)</subfield><subfield code="w">(DLC)sn 87076745</subfield></datafield><datafield ind1="0" ind2="0" tag="785"><subfield code="t">Port Clinton herald</subfield><subfield code="w">(DLC)sn 87076747</subfield></datafield></record>